@article{formalizationImpl,
  title={Formalization and Implementation of Modern SAT Solvers},
  author={Mari{\'c}, Filip},
  journal={Journal of Automated Reasoning},
  volume={43},
  number={1},
  pages={81--119},
  year={2009},
  publisher={Springer}
}
